<?xml version="1.0" encoding="UTF-8"?><collection xmlns="http://www.loc.gov/MARC21/slim"><record><leader>00488nam--2200181-i-4500</leader><controlfield tag="001">000040515</controlfield><controlfield tag="002">20161230</controlfield><controlfield tag="005">20161230201042</controlfield><controlfield tag="008">060222s1000------------r-----000-0-eng-d</controlfield><datafield ind1=" " ind2=" " tag="040"><subfield code="a">iIFIN-HH</subfield></datafield><datafield ind1=" " ind2=" " tag="080"><subfield code="a">537.531:621.386</subfield></datafield><datafield ind1="1" ind2=" " tag="100"><subfield code="a">Schall,W.E</subfield></datafield><datafield ind1="1" ind2="0" tag="245"><subfield code="a">X-rays their origin, dosage and practical application</subfield><subfield code="c">W.e. schall</subfield></datafield><datafield ind1=" " ind2=" " tag="250"><subfield code="a">Seventh Edition</subfield></datafield><datafield ind1=" " ind2=" " tag="260"><subfield code="a">Bristol</subfield><subfield code="b">John Wright</subfield><subfield code="c">1956</subfield></datafield><datafield ind1=" " ind2=" " tag="300"><subfield code="a">VII + 331 P</subfield></datafield><datafield ind1=" " ind2=" " tag="852"><subfield code="a">12694</subfield><subfield code="c">537.531</subfield></datafield><datafield ind1=" " ind2=" " tag="CAT"><subfield code="a">Sys</subfield><subfield code="c">20131128</subfield><subfield code="h">154601</subfield></datafield></record></collection>